<?xml version="1.0" encoding="UTF-8"?><collection xmlns="http://www.loc.gov/MARC21/slim"><record><leader>00566nam--2200205-i-4500</leader><controlfield tag="001">000014130</controlfield><controlfield tag="002">20161230</controlfield><controlfield tag="005">20161230201030</controlfield><controlfield tag="008">060222s1000------------r-----000-0-eng-d</controlfield><datafield ind1=" " ind2=" " tag="020"><subfield code="a">0121046508</subfield></datafield><datafield ind1=" " ind2=" " tag="040"><subfield code="a">IFIN-HH</subfield></datafield><datafield ind1=" " ind2=" " tag="080"><subfield code="a">535.342/.343:681.3</subfield></datafield><datafield ind1="1" ind2=" " tag="100"><subfield code="a">Blass, William E</subfield></datafield><datafield ind1="1" ind2="0" tag="245"><subfield code="a">Deconvolution of absorption spectra</subfield><subfield code="c">William e. blass; george halsey</subfield></datafield><datafield ind1=" " ind2=" " tag="260"><subfield code="a">SAN FRANCISCO</subfield><subfield code="b">Academic Press</subfield><subfield code="c">1981</subfield></datafield><datafield ind1=" " ind2=" " tag="300"><subfield code="a">IX + 158 P</subfield></datafield><datafield ind1="0" ind2=" " tag="650"><subfield code="a">Absorption Spectra</subfield></datafield><datafield ind1="1" ind2=" " tag="700"><subfield code="a">Halsey, George</subfield></datafield><datafield ind1=" " ind2=" " tag="852"><subfield code="a">70120</subfield><subfield code="c">535.33</subfield></datafield><datafield ind1=" " ind2=" " tag="CAT"><subfield code="a">Sys</subfield><subfield code="c">20101216</subfield><subfield code="h">151716</subfield></datafield></record></collection>